<record><leader>00000cas a22000007a 4500</leader><controlfield tag="001">17935967</controlfield><controlfield tag="008">880511d18881892ohudr ne      0    0eng d</controlfield><datafield ind1=" " ind2=" " tag="010"><subfield code="a">sn 88078527 </subfield></datafield><datafield ind1=" " ind2=" " tag="040"><subfield code="a">ONP</subfield><subfield code="b">eng</subfield><subfield code="c">ONP</subfield><subfield code="d">OCLCQ</subfield></datafield><datafield ind1=" " ind2=" " tag="042"><subfield code="a">msc</subfield></datafield><datafield ind1="0" ind2="0" tag="245"><subfield code="a">Daily shield and banner.</subfield></datafield><datafield ind1="3" ind2="0" tag="246"><subfield code="a">Sunday shield</subfield></datafield><datafield ind1=" " ind2=" " tag="260"><subfield code="a">Mansfield, Ohio :</subfield><subfield code="b">C.N. Gaumer,</subfield><subfield code="c">1888-1892.</subfield></datafield><datafield ind1=" " ind2=" " tag="310"><subfield code="a">Daily,</subfield><subfield code="b">July 19, 1891-Apr. 24, 1892</subfield></datafield><datafield ind1=" " ind2=" " tag="321"><subfield code="a">Daily (except Sun.),</subfield><subfield code="b">June 18, 1888-July 18, 1891</subfield></datafield><datafield ind1="0" ind2=" " tag="362"><subfield code="a">Vol. 1, no. 1 (June 18, 1888)-v. 4, no. 310 (Apr. 23, 1892).</subfield></datafield><datafield ind1=" " ind2=" " tag="500"><subfield code="a">On Sundays published as: Sunday shield, July 19, 1891-Apr. 24, 1892.</subfield></datafield><datafield ind1=" " ind2=" " tag="580"><subfield code="a">Weekly ed.: Richland shield and banner (Mansfield, Ohio : 1851).</subfield></datafield><datafield ind1=" " ind2=" " tag="752"><subfield code="a">United States</subfield><subfield code="b">Ohio</subfield><subfield code="c">Richland</subfield><subfield code="d">Mansfield.</subfield></datafield><datafield ind1="1" ind2=" " tag="775"><subfield code="t">Richland shield and banner (Mansfield, Ohio : 1851)</subfield><subfield code="w">(DLC)sn 84028523</subfield></datafield><datafield ind1="0" ind2="0" tag="785"><subfield code="t">Mansfield daily shield</subfield><subfield code="w">(DLC)sn 88078526</subfield></datafield></record>